<collection xmlns="http://www.loc.gov/MARC21/slim">
<record>
  <leader>01122nam0a22002411i 450 </leader>
  <controlfield tag="001">IT\ICCU\CNCE\031107</controlfield>
  <controlfield tag="005">19980423000000.0</controlfield>
  <datafield tag="012" ind1=" " ind2=" ">
    <subfield code="a">a.i&amp; a-l- eali hean (C) 1576 (A)</subfield>
    <subfield code="2">fei</subfield>
  </datafield>
  <datafield tag="100" ind1=" " ind2=" ">
    <subfield code="a">19971202d1576        0itac0103    ba</subfield>
  </datafield>
  <datafield tag="101" ind1=" " ind2=" ">
    <subfield code="a">ITA</subfield>
  </datafield>
  <datafield tag="102" ind1=" " ind2=" ">
    <subfield code="a">IT</subfield>
  </datafield>
  <datafield tag="200" ind1="1" ind2=" ">
    <subfield code="a">Capitoli, et patti sopra li quali li signori deputati et sollecitatori della citt ̉di Vercelli delli primi sei mesi, dell&apos;anno 1576 ... s&apos;intendono accusare, far incantare, et deliberare la parte di tutte le pene, et bandi delle accuse de&apos; danni campestri ... spettante al detto comune .</subfield>
  </datafield>
  <datafield tag="210" ind1=" " ind2=" ">
    <subfield code="e">In Vercelli</subfield>
    <subfield code="g">appresso Guglielmo Molino</subfield>
    <subfield code="h">1576</subfield>
  </datafield>
  <datafield tag="215" ind1=" " ind2=" ">
    <subfield code="a">\4! c.</subfield>
    <subfield code="d">fol</subfield>
  </datafield>
  <datafield tag="620" ind1=" " ind2=" ">
    <subfield code="a">IT</subfield>
    <subfield code="d">Vercelli</subfield>
  </datafield>
  <datafield tag="710" ind1="0" ind2="2">
    <subfield code="a">Vercelli</subfield>
    <subfield code="3">7300</subfield>
  </datafield>
  <datafield tag="712" ind1="0" ind2="0">
    <subfield code="a">Molino, Guglielmo</subfield>
    <subfield code="3">IT\ICCU\CNCT\000249</subfield>
    <subfield code="4">650</subfield>
  </datafield>
  <datafield tag="790" ind1=" " ind2="0">
    <subfield code="a">Civitas Vercellarum</subfield>
    <subfield code="3">IT\ICCU\CNCA\025051</subfield>
    <subfield code="z">Vercelli</subfield>
  </datafield>
  <datafield tag="791" ind1="0" ind2="0">
    <subfield code="a">Molinus, Gulielmus</subfield>
    <subfield code="3">IT\ICCU\CNCT\005212</subfield>
    <subfield code="z">Molino, Guglielmo</subfield>
  </datafield>
  <datafield tag="791" ind1="0" ind2="0">
    <subfield code="a">Mollino, Gullielmo</subfield>
    <subfield code="3">IT\ICCU\CNCT\005213</subfield>
    <subfield code="z">Molino, Guglielmo</subfield>
  </datafield>
  <datafield tag="801" ind1=" " ind2="3">
    <subfield code="a">IT</subfield>
    <subfield code="b">ICCU</subfield>
    <subfield code="c">20201114</subfield>
  </datafield>
  <datafield tag="899" ind1=" " ind2=" ">
    <subfield code="a">Biblioteca civica centrale. Torino</subfield>
    <subfield code="1">TO0240</subfield>
    <subfield code="2">BCT 01</subfield>
  </datafield>
  <datafield tag="899" ind1=" " ind2=" ">
    <subfield code="a">Biblioteca Reale. Torino</subfield>
    <subfield code="1">TO0263</subfield>
    <subfield code="2">TO0 07</subfield>
  </datafield>
</record>
</collection>
